%% This BibTeX bibliography file was created using BibDesk.
%% http://bibdesk.sourceforge.net/


%% Created for Benjamin Goldenberg at 2009-08-17 21:52:59 -0700 


%% Saved with string encoding Unicode (UTF-8) 



@techreport{Bradley:1999,
	Author = {Margaret M. Bradley and Peter J. Lang},
	Date-Added = {2009-08-17 21:50:35 -0700},
	Date-Modified = {2009-08-17 21:52:59 -0700},
	Institution = {The Center for Research in Psychophysiology, University of Florida},
	Title = {Affective Norms for English Words (ANEW): Instruction manual and affective ratings},
	Type = {Technical Report C-1},
	Year = {1999}}

@book{NLTK,
	Date-Added = {2009-08-17 21:34:05 -0700},
	Date-Modified = {2009-08-17 21:34:25 -0700},
	Title = {NLTK}}

@inbook{Bradley,
	Author = {Margaret M. Bradley and Peter J. Lang},
	Chapter = {The International Affective Picture System (IAPS) in the Study of Emotion and Attention},
	Date-Added = {2009-07-13 15:41:43 -0700},
	Date-Modified = {2009-08-17 21:44:27 -0700},
	Keywords = {anew},
	Pages = {29--46},
	Title = {Emotion Elicitation},
	Bdsk-File-1 = {YnBsaXN0MDDUAQIDBAUGCQpYJHZlcnNpb25UJHRvcFkkYXJjaGl2ZXJYJG9iamVjdHMSAAGGoNEHCFRyb290gAFfEA9OU0tleWVkQXJjaGl2ZXKoCwwXGBkdJCVVJG51bGzTDQ4PEBEUViRjbGFzc1dOUy5rZXlzWk5TLm9iamVjdHOAB6ISE4ACgAOiFRaABIAGWWFsaWFzRGF0YVxyZWxhdGl2ZVBhdGjSDRobHFdOUy5kYXRhgAVPEQGqAAAAAAGqAAIAAAxNYWNpbnRvc2ggSEQAAAAAAAAAAAAAAAAAAADE+dh5SCsAAABfYdgQSUFQU092ZXJ2aWV3LnBkZgAAAAAAAAAAAAAAAAAAAAAAAAAAAAAAAAAAAAAAAAAAAAAAAAAAAAAAAAAAAAAAAHMsgMaBBh8AAAAAAAAAAAADAAMAAAkgAAAAAAAAAAAAAAAAAAAAEWdtYWlsX2F0dGFjaG1lbnRzAAAQAAgAAMT6OukAAAARAAgAAMaBaI8AAAABABAAX2HYAAqJvAAKUSgAAHvYAAIAQU1hY2ludG9zaCBIRDpVc2VyczpicGc6RGVza3RvcDpnbWFpbF9hdHRhY2htZW50czpJQVBTT3ZlcnZpZXcucGRmAAAOACIAEABJAEEAUABTAE8AdgBlAHIAdgBpAGUAdwAuAHAAZABmAA8AGgAMAE0AYQBjAGkAbgB0AG8AcwBoACAASABEABIANFVzZXJzL2JwZy9EZXNrdG9wL2dtYWlsX2F0dGFjaG1lbnRzL0lBUFNPdmVydmlldy5wZGYAEwABLwAAFQACAAr//wAA0h4fICFYJGNsYXNzZXNaJGNsYXNzbmFtZaMhIiNdTlNNdXRhYmxlRGF0YVZOU0RhdGFYTlNPYmplY3RfEDMuLi8uLi8uLi9EZXNrdG9wL2dtYWlsX2F0dGFjaG1lbnRzL0lBUFNPdmVydmlldy5wZGbSHh8mJ6InI1xOU0RpY3Rpb25hcnkACAARABoAHwApADIANwA6AD8AQQBTAFwAYgBpAHAAeACDAIUAiACKAIwAjwCRAJMAnQCqAK8AtwC5AmcCbAJ1AoAChAKSApkCogLYAt0C4AAAAAAAAAIBAAAAAAAAACgAAAAAAAAAAAAAAAAAAALt}}

@article{Allauzen:2007,
	Author = {Allauzen, C. and Riley, M. and Schalkwyk, J. and Skut, W. and Mohri, M.},
	Date-Added = {2009-07-13 12:39:20 -0700},
	Date-Modified = {2009-07-13 12:39:40 -0700},
	Journal = {Lecture Notes in Computer Science},
	Pages = {11},
	Publisher = {Springer},
	Title = {{OpenFst: A general and efficient weighted finite-state transducer library}},
	Volume = {4783},
	Year = {2007},
	Bdsk-File-1 = {YnBsaXN0MDDUAQIDBAUGCQpYJHZlcnNpb25UJHRvcFkkYXJjaGl2ZXJYJG9iamVjdHMSAAGGoNEHCFRyb290gAFfEA9OU0tleWVkQXJjaGl2ZXKoCwwXGBkdJCVVJG51bGzTDQ4PEBEUViRjbGFzc1dOUy5rZXlzWk5TLm9iamVjdHOAB6ISE4ACgAOiFRaABIAGWWFsaWFzRGF0YVxyZWxhdGl2ZVBhdGjSDRobHFdOUy5kYXRhgAVPEQIwAAAAAAIwAAIAAAxNYWNpbnRvc2ggSEQAAAAAAAAAAAAAAAAAAADE+dh5SCsAAABmtwcfQWxsYXV6ZW4tMjAwNy1PcGVuRnMjNzNEOTQ2LnBkZgAAAAAAAAAAAAAAAAAAAAAAAAAAAAAAAAAAAAAAAAAAAHPZRsaA2utQREYgAAAAAAABAAIAAAkgAAAAAAAAAAAAAAAAAAAACnJlZmVyZW5jZXMAEAAIAADE+jrpAAAAEQAIAADGgT1bAAAAAQAUAGa3BwBsmY4AXL0GAApRKAAAe9gAAgBNTWFjaW50b3NoIEhEOlVzZXJzOmJwZzpjc2x1OmFmZmVjdDpyZWZlcmVuY2VzOkFsbGF1emVuLTIwMDctT3BlbkZzIzczRDk0Ni5wZGYAAA4AeAA7AEEAbABsAGEAdQB6AGUAbgAtADIAMAAwADcALQBPAHAAZQBuAEYAcwB0AC8AIABBACAAZwBlAG4AZQByAGEAbAAgAGEAbgBkACAAZQBmAGYAaQBjAGkAZQBuAHQAIAB3AGUAaQBnAGgAdABlAGQALgBwAGQAZgAPABoADABNAGEAYwBpAG4AdABvAHMAaAAgAEgARAASAFxVc2Vycy9icGcvY3NsdS9hZmZlY3QvcmVmZXJlbmNlcy9BbGxhdXplbi0yMDA3LU9wZW5Gc3Q6IEEgZ2VuZXJhbCBhbmQgZWZmaWNpZW50IHdlaWdodGVkLnBkZgATAAEvAAAVAAIACv//AADSHh8gIVgkY2xhc3Nlc1okY2xhc3NuYW1loyEiI11OU011dGFibGVEYXRhVk5TRGF0YVhOU09iamVjdF8QO0FsbGF1emVuLTIwMDctT3BlbkZzdDogQSBnZW5lcmFsIGFuZCBlZmZpY2llbnQgd2VpZ2h0ZWQucGRm0h4fJieiJyNcTlNEaWN0aW9uYXJ5AAgAEQAaAB8AKQAyADcAOgA/AEEAUwBcAGIAaQBwAHgAgwCFAIgAigCMAI8AkQCTAJ0AqgCvALcAuQLtAvIC+wMGAwoDGAMfAygDZgNrA24AAAAAAAACAQAAAAAAAAAoAAAAAAAAAAAAAAAAAAADew==}}

@conference{Alm:2005,
	Author = {Cecilia Ovesdotter Alm and Dan Roth and Richard Sproat},
	Booktitle = {Proceedings of HLT/EMNLP},
	Date-Added = {2009-07-07 13:36:17 -0700},
	Date-Modified = {2009-07-07 13:37:45 -0700},
	Month = {October},
	Pages = {579-586},
	Publisher = {Association for Computational Linguistics},
	Title = {Emotions from text: machine learning for text-based emotion prediction},
	Volume = {2005},
	Year = {2005},
	Bdsk-File-1 = {YnBsaXN0MDDUAQIDBAUGCQpYJHZlcnNpb25UJHRvcFkkYXJjaGl2ZXJYJG9iamVjdHMSAAGGoNEHCFRyb290gAFfEA9OU0tleWVkQXJjaGl2ZXKoCwwXGBkdJCVVJG51bGzTDQ4PEBEUViRjbGFzc1dOUy5rZXlzWk5TLm9iamVjdHOAB6ISE4ACgAOiFRaABIAGWWFsaWFzRGF0YVxyZWxhdGl2ZVBhdGjSDRobHFdOUy5kYXRhgAVPEQGQAAAAAAGQAAIAAAxNYWNpbnRvc2ggSEQAAAAAAAAAAAAAAAAAAADE+dh5SCsAAABmtwcMSDA1LTEwNzMucGRmAAAAAAAAAAAAAAAAAAAAAAAAAAAAAAAAAAAAAAAAAAAAAAAAAAAAAAAAAAAAAAAAAAAAAHB5acZ4/7oAAAAAAAAAAAABAAIAAAkgAAAAAAAAAAAAAAAAAAAACnJlZmVyZW5jZXMAEAAIAADE+jrpAAAAEQAIAADGeWIqAAAAAQAUAGa3BwBsmY4AXL0GAApRKAAAe9gAAgA6TWFjaW50b3NoIEhEOlVzZXJzOmJwZzpjc2x1OmFmZmVjdDpyZWZlcmVuY2VzOkgwNS0xMDczLnBkZgAOABoADABIADAANQAtADEAMAA3ADMALgBwAGQAZgAPABoADABNAGEAYwBpAG4AdABvAHMAaAAgAEgARAASAC1Vc2Vycy9icGcvY3NsdS9hZmZlY3QvcmVmZXJlbmNlcy9IMDUtMTA3My5wZGYAABMAAS8AABUAAgAK//8AANIeHyAhWCRjbGFzc2VzWiRjbGFzc25hbWWjISIjXU5TTXV0YWJsZURhdGFWTlNEYXRhWE5TT2JqZWN0XEgwNS0xMDczLnBkZtIeHyYnoicjXE5TRGljdGlvbmFyeQAIABEAGgAfACkAMgA3ADoAPwBBAFMAXABiAGkAcAB4AIMAhQCIAIoAjACPAJEAkwCdAKoArwC3ALkCTQJSAlsCZgJqAngCfwKIApUCmgKdAAAAAAAAAgEAAAAAAAAAKAAAAAAAAAAAAAAAAAAAAqo=}}

@article{Francisco:2006,
	Author = {Virginia Francisco and Pablo Gerv{\'a}s},
	Date-Added = {2009-07-07 12:39:00 -0700},
	Date-Modified = {2009-07-07 12:41:52 -0700},
	Journal = {Lecture Notes in Computer Science},
	Pages = {375},
	Publisher = {Springer},
	Title = {Automated Mark Up of Affective Information in English Texts},
	Volume = {4188},
	Year = {2006},
	Bdsk-File-1 = {YnBsaXN0MDDUAQIDBAUGCQpYJHZlcnNpb25UJHRvcFkkYXJjaGl2ZXJYJG9iamVjdHMSAAGGoNEHCFRyb290gAFfEA9OU0tleWVkQXJjaGl2ZXKoCwwXGBkdJCVVJG51bGzTDQ4PEBEUViRjbGFzc1dOUy5rZXlzWk5TLm9iamVjdHOAB6ISE4ACgAOiFRaABIAGWWFsaWFzRGF0YVxyZWxhdGl2ZVBhdGjSDRobHFdOUy5kYXRhgAVPEQGUAAAAAAGUAAIAAAxNYWNpbnRvc2ggSEQAAAAAAAAAAAAAAAAAAADE+dh5SCsAAABmtwcNZnJhbmNpc2NvLnBkZgAAAAAAAAAAAAAAAAAAAAAAAAAAAAAAAAAAAAAAAAAAAAAAAAAAAAAAAAAAAAAAAAAAAHB3AsZ48j9QREYgAAAAAAABAAIAAAkgAAAAAAAAAAAAAAAAAAAACnJlZmVyZW5jZXMAEAAIAADE+jrpAAAAEQAIAADGeVSvAAAAAQAUAGa3BwBsmY4AXL0GAApRKAAAe9gAAgA7TWFjaW50b3NoIEhEOlVzZXJzOmJwZzpjc2x1OmFmZmVjdDpyZWZlcmVuY2VzOmZyYW5jaXNjby5wZGYAAA4AHAANAGYAcgBhAG4AYwBpAHMAYwBvAC4AcABkAGYADwAaAAwATQBhAGMAaQBuAHQAbwBzAGgAIABIAEQAEgAuVXNlcnMvYnBnL2NzbHUvYWZmZWN0L3JlZmVyZW5jZXMvZnJhbmNpc2NvLnBkZgATAAEvAAAVAAIACv//AADSHh8gIVgkY2xhc3Nlc1okY2xhc3NuYW1loyEiI11OU011dGFibGVEYXRhVk5TRGF0YVhOU09iamVjdF1mcmFuY2lzY28ucGRm0h4fJieiJyNcTlNEaWN0aW9uYXJ5AAgAEQAaAB8AKQAyADcAOgA/AEEAUwBcAGIAaQBwAHgAgwCFAIgAigCMAI8AkQCTAJ0AqgCvALcAuQJRAlYCXwJqAm4CfAKDAowCmgKfAqIAAAAAAAACAQAAAAAAAAAoAAAAAAAAAAAAAAAAAAACrw==}}

@phdthesis{Alm:2002,
	Address = {Urbana, Illinois},
	Author = {Cecilia Alm},
	Date-Added = {2009-07-07 11:52:15 -0700},
	Date-Modified = {2009-07-07 11:53:05 -0700},
	School = {University of Illinois at Urbana-Champaign},
	Title = {Affect in Text and Speech},
	Year = {2002},
	Bdsk-File-1 = {YnBsaXN0MDDUAQIDBAUGCQpYJHZlcnNpb25UJHRvcFkkYXJjaGl2ZXJYJG9iamVjdHMSAAGGoNEHCFRyb290gAFfEA9OU0tleWVkQXJjaGl2ZXKoCwwXGBkdJCVVJG51bGzTDQ4PEBEUViRjbGFzc1dOUy5rZXlzWk5TLm9iamVjdHOAB6ISE4ACgAOiFRaABIAGWWFsaWFzRGF0YVxyZWxhdGl2ZVBhdGjSDRobHFdOUy5kYXRhgAVPEQHyAAAAAAHyAAIAAAxNYWNpbnRvc2ggSEQAAAAAAAAAAAAAAAAAAADE+dh5SCsAAABmtwcfQWxtLTIwMDItQWZmZWN0IGluIFQjNzA4RDRFLnBkZgAAAAAAAAAAAAAAAAAAAAAAAAAAAAAAAAAAAAAAAAAAAHCNTsZevr5QREYgAAAAAAABAAIAAAkgAAAAAAAAAAAAAAAAAAAACnJlZmVyZW5jZXMAEAAIAADE+jrpAAAAEQAIAADGXyEuAAAAAQAUAGa3BwBsmY4AXL0GAApRKAAAe9gAAgBNTWFjaW50b3NoIEhEOlVzZXJzOmJwZzpjc2x1OmFmZmVjdDpyZWZlcmVuY2VzOkFsbS0yMDAyLUFmZmVjdCBpbiBUIzcwOEQ0RS5wZGYAAA4ATgAmAEEAbABtAC0AMgAwADAAMgAtAEEAZgBmAGUAYwB0ACAAaQBuACAAVABlAHgAdAAgAGEAbgBkACAAUwBwAGUAZQBjAGgALgBwAGQAZgAPABoADABNAGEAYwBpAG4AdABvAHMAaAAgAEgARAASAEdVc2Vycy9icGcvY3NsdS9hZmZlY3QvcmVmZXJlbmNlcy9BbG0tMjAwMi1BZmZlY3QgaW4gVGV4dCBhbmQgU3BlZWNoLnBkZgAAEwABLwAAFQACAAr//wAA0h4fICFYJGNsYXNzZXNaJGNsYXNzbmFtZaMhIiNdTlNNdXRhYmxlRGF0YVZOU0RhdGFYTlNPYmplY3RfECZBbG0tMjAwMi1BZmZlY3QgaW4gVGV4dCBhbmQgU3BlZWNoLnBkZtIeHyYnoicjXE5TRGljdGlvbmFyeQAIABEAGgAfACkAMgA3ADoAPwBBAFMAXABiAGkAcAB4AIMAhQCIAIoAjACPAJEAkwCdAKoArwC3ALkCrwK0Ar0CyALMAtoC4QLqAxMDGAMbAAAAAAAAAgEAAAAAAAAAKAAAAAAAAAAAAAAAAAAAAyg=}}

@inproceedings{Wiebe:2005,
	Author = {Janyce Wiebe and Ellen Riloff},
	Booktitle = {In CICLing2005},
	Date-Added = {2009-06-30 13:15:47 -0700},
	Date-Modified = {2009-06-30 13:16:02 -0700},
	Pages = {486--497},
	Title = {Creating subjective and objective sentence classifiers from unannotated texts},
	Year = {2005},
	Bdsk-File-1 = {YnBsaXN0MDDUAQIDBAUGCQpYJHZlcnNpb25UJHRvcFkkYXJjaGl2ZXJYJG9iamVjdHMSAAGGoNEHCFRyb290gAFfEA9OU0tleWVkQXJjaGl2ZXKoCwwXGBkdJCVVJG51bGzTDQ4PEBEUViRjbGFzc1dOUy5rZXlzWk5TLm9iamVjdHOAB6ISE4ACgAOiFRaABIAGWWFsaWFzRGF0YVxyZWxhdGl2ZVBhdGjSDRobHFdOUy5kYXRhgAVPEQIqAAAAAAIqAAIAAAxNYWNpbnRvc2ggSEQAAAAAAAAAAAAAAAAAAADE+dh5SCsAAABmtwcfV2llYmUtMjAwNS1DcmVhdGluZyAjNkNEMjYxLnBkZgAAAAAAAAAAAAAAAAAAAAAAAAAAAAAAAAAAAAAAAAAAAGzSYcZvwHcAAAAAAAAAAAABAAIAAAkgAAAAAAAAAAAAAAAAAAAACnJlZmVyZW5jZXMAEAAIAADE+jrpAAAAEQAIAADGcCLnAAAAAQAUAGa3BwBsmY4AXL0GAApRKAAAe9gAAgBNTWFjaW50b3NoIEhEOlVzZXJzOmJwZzpjc2x1OmFmZmVjdDpyZWZlcmVuY2VzOldpZWJlLTIwMDUtQ3JlYXRpbmcgIzZDRDI2MS5wZGYAAA4AdAA5AFcAaQBlAGIAZQAtADIAMAAwADUALQBDAHIAZQBhAHQAaQBuAGcAIABzAHUAYgBqAGUAYwB0AGkAdgBlACAAYQBuAGQAIABvAGIAagBlAGMAdABpAHYAZQAgAHMAZQBuAHQAZQBuAGMAZQAuAHAAZABmAA8AGgAMAE0AYQBjAGkAbgB0AG8AcwBoACAASABEABIAWlVzZXJzL2JwZy9jc2x1L2FmZmVjdC9yZWZlcmVuY2VzL1dpZWJlLTIwMDUtQ3JlYXRpbmcgc3ViamVjdGl2ZSBhbmQgb2JqZWN0aXZlIHNlbnRlbmNlLnBkZgATAAEvAAAVAAIACv//AADSHh8gIVgkY2xhc3Nlc1okY2xhc3NuYW1loyEiI11OU011dGFibGVEYXRhVk5TRGF0YVhOU09iamVjdF8QOVdpZWJlLTIwMDUtQ3JlYXRpbmcgc3ViamVjdGl2ZSBhbmQgb2JqZWN0aXZlIHNlbnRlbmNlLnBkZtIeHyYnoicjXE5TRGljdGlvbmFyeQAIABEAGgAfACkAMgA3ADoAPwBBAFMAXABiAGkAcAB4AIMAhQCIAIoAjACPAJEAkwCdAKoArwC3ALkC5wLsAvUDAAMEAxIDGQMiA14DYwNmAAAAAAAAAgEAAAAAAAAAKAAAAAAAAAAAAAAAAAAAA3M=}}

@inproceedings{Kamps04usingwordnet,
	Author = {Jaap Kamps and Maarten Marx and Robert J. Mokken and Maarten De Rijke},
	Booktitle = {National Institute for},
	Date-Added = {2009-06-30 13:05:45 -0700},
	Date-Modified = {2009-06-30 13:05:45 -0700},
	Pages = {1115--1118},
	Title = {Using wordnet to measure semantic orientation of adjectives},
	Year = {2004},
	Bdsk-File-1 = {YnBsaXN0MDDUAQIDBAUGCQpYJHZlcnNpb25UJHRvcFkkYXJjaGl2ZXJYJG9iamVjdHMSAAGGoNEHCFRyb290gAFfEA9OU0tleWVkQXJjaGl2ZXKoCwwXGBkdJCVVJG51bGzTDQ4PEBEUViRjbGFzc1dOUy5rZXlzWk5TLm9iamVjdHOAB6ISE4ACgAOiFRaABIAGWWFsaWFzRGF0YVxyZWxhdGl2ZVBhdGjSDRobHFdOUy5kYXRhgAVPEQIQAAAAAAIQAAIAAAxNYWNpbnRvc2ggSEQAAAAAAAAAAAAAAAAAAADE+dh5SCsAAABmtwcfS2FtcHMtMjAwNC1Vc2luZyB3b3IjNkNEMUFCLnBkZgAAAAAAAAAAAAAAAAAAAAAAAAAAAAAAAAAAAAAAAAAAAGzRq8ZvvkwAAAAAAAAAAAABAAIAAAkgAAAAAAAAAAAAAAAAAAAACnJlZmVyZW5jZXMAEAAIAADE+jrpAAAAEQAIAADGcCC8AAAAAQAUAGa3BwBsmY4AXL0GAApRKAAAe9gAAgBNTWFjaW50b3NoIEhEOlVzZXJzOmJwZzpjc2x1OmFmZmVjdDpyZWZlcmVuY2VzOkthbXBzLTIwMDQtVXNpbmcgd29yIzZDRDFBQi5wZGYAAA4AYgAwAEsAYQBtAHAAcwAtADIAMAAwADQALQBVAHMAaQBuAGcAIAB3AG8AcgBkAG4AZQB0ACAAdABvACAAbQBlAGEAcwB1AHIAZQAgAHMAZQBtAGEAbgB0AGkAYwAuAHAAZABmAA8AGgAMAE0AYQBjAGkAbgB0AG8AcwBoACAASABEABIAUVVzZXJzL2JwZy9jc2x1L2FmZmVjdC9yZWZlcmVuY2VzL0thbXBzLTIwMDQtVXNpbmcgd29yZG5ldCB0byBtZWFzdXJlIHNlbWFudGljLnBkZgAAEwABLwAAFQACAAr//wAA0h4fICFYJGNsYXNzZXNaJGNsYXNzbmFtZaMhIiNdTlNNdXRhYmxlRGF0YVZOU0RhdGFYTlNPYmplY3RfEDBLYW1wcy0yMDA0LVVzaW5nIHdvcmRuZXQgdG8gbWVhc3VyZSBzZW1hbnRpYy5wZGbSHh8mJ6InI1xOU0RpY3Rpb25hcnkACAARABoAHwApADIANwA6AD8AQQBTAFwAYgBpAHAAeACDAIUAiACKAIwAjwCRAJMAnQCqAK8AtwC5As0C0gLbAuYC6gL4Av8DCAM7A0ADQwAAAAAAAAIBAAAAAAAAACgAAAAAAAAAAAAAAAAAAANQ},
	Bdsk-Url-1 = {http://citeseerx.ist.psu.edu/viewdoc/download?doi=10.1.1.134.483&rep=rep1&type=pdf}}

@inproceedings{Pang:2002,
	Address = {Morristown, NJ, USA},
	Author = {Pang, Bo and Lee, Lillian and Vaithyanathan, Shivakumar},
	Booktitle = {EMNLP '02: Proceedings of the ACL-02 conference on Empirical methods in natural language processing},
	Date-Added = {2009-06-30 13:00:08 -0700},
	Date-Modified = {2009-06-30 13:00:44 -0700},
	Doi = {http://dx.doi.org/10.3115/1118693.1118704},
	Keywords = {moviereviews},
	Pages = {79--86},
	Publisher = {Association for Computational Linguistics},
	Title = {Thumbs up?: sentiment classification using machine learning techniques},
	Year = {2002},
	Bdsk-File-1 = {YnBsaXN0MDDUAQIDBAUGCQpYJHZlcnNpb25UJHRvcFkkYXJjaGl2ZXJYJG9iamVjdHMSAAGGoNEHCFRyb290gAFfEA9OU0tleWVkQXJjaGl2ZXKoCwwXGBkdJCVVJG51bGzTDQ4PEBEUViRjbGFzc1dOUy5rZXlzWk5TLm9iamVjdHOAB6ISE4ACgAOiFRaABIAGWWFsaWFzRGF0YVxyZWxhdGl2ZVBhdGjSDRobHFdOUy5kYXRhgAVPEQIWAAAAAAIWAAIAAAxNYWNpbnRvc2ggSEQAAAAAAAAAAAAAAAAAAADE+dh5SCsAAABmtwcfUGFuZy0yMDAyLVRodW1icyB1cD8jNkNEMTU2LnBkZgAAAAAAAAAAAAAAAAAAAAAAAAAAAAAAAAAAAAAAAAAAAGzRVsZvvMMAAAAAAAAAAAABAAIAAAkgAAAAAAAAAAAAAAAAAAAACnJlZmVyZW5jZXMAEAAIAADE+jrpAAAAEQAIAADGcB8zAAAAAQAUAGa3BwBsmY4AXL0GAApRKAAAe9gAAgBNTWFjaW50b3NoIEhEOlVzZXJzOmJwZzpjc2x1OmFmZmVjdDpyZWZlcmVuY2VzOlBhbmctMjAwMi1UaHVtYnMgdXA/IzZDRDE1Ni5wZGYAAA4AZgAyAFAAYQBuAGcALQAyADAAMAAyAC0AVABoAHUAbQBiAHMAIAB1AHAAPwAvACAAcwBlAG4AdABpAG0AZQBuAHQAIABjAGwAYQBzAHMAaQBmAGkAYwBhAHQAaQBvAG4ALgBwAGQAZgAPABoADABNAGEAYwBpAG4AdABvAHMAaAAgAEgARAASAFNVc2Vycy9icGcvY3NsdS9hZmZlY3QvcmVmZXJlbmNlcy9QYW5nLTIwMDItVGh1bWJzIHVwPzogc2VudGltZW50IGNsYXNzaWZpY2F0aW9uLnBkZgAAEwABLwAAFQACAAr//wAA0h4fICFYJGNsYXNzZXNaJGNsYXNzbmFtZaMhIiNdTlNNdXRhYmxlRGF0YVZOU0RhdGFYTlNPYmplY3RfEDJQYW5nLTIwMDItVGh1bWJzIHVwPzogc2VudGltZW50IGNsYXNzaWZpY2F0aW9uLnBkZtIeHyYnoicjXE5TRGljdGlvbmFyeQAIABEAGgAfACkAMgA3ADoAPwBBAFMAXABiAGkAcAB4AIMAhQCIAIoAjACPAJEAkwCdAKoArwC3ALkC0wLYAuEC7ALwAv4DBQMOA0MDSANLAAAAAAAAAgEAAAAAAAAAKAAAAAAAAAAAAAAAAAAAA1g=},
	Bdsk-Url-1 = {http://dx.doi.org/10.3115/1118693.1118704}}

@unpublished{cite-key,
	Author = {Andrea Esuli and Fabrizio Sebastiani},
	Date-Added = {2009-06-29 16:30:22 -0700},
	Date-Modified = {2009-06-29 16:31:02 -0700},
	Title = {SentiWordNet: A Publicly Available Lexical Resource for Opinion Mining},
	Bdsk-File-1 = {YnBsaXN0MDDUAQIDBAUGCQpYJHZlcnNpb25UJHRvcFkkYXJjaGl2ZXJYJG9iamVjdHMSAAGGoNEHCFRyb290gAFfEA9OU0tleWVkQXJjaGl2ZXKoCwwXGBkdJCVVJG51bGzTDQ4PEBEUViRjbGFzc1dOUy5rZXlzWk5TLm9iamVjdHOAB6ISE4ACgAOiFRaABIAGWWFsaWFzRGF0YVxyZWxhdGl2ZVBhdGjSDRobHFdOUy5kYXRhgAVPEQIeAAAAAAIeAAIAAAxNYWNpbnRvc2ggSEQAAAAAAAAAAAAAAAAAAADE+dh5SCsAAABmtwcfRXN1bGktLVNlbnRpV29yZE5ldC8jNkE2RkI4LnBkZgAAAAAAAAAAAAAAAAAAAAAAAAAAAAAAAAAAAAAAAAAAAGpvuMZqlZMAAAAAAAAAAAABAAIAAAkgAAAAAAAAAAAAAAAAAAAACnJlZmVyZW5jZXMAEAAIAADE+jrpAAAAEQAIAADGavgDAAAAAQAUAGa3BwBsmY4AXL0GAApRKAAAe9gAAgBNTWFjaW50b3NoIEhEOlVzZXJzOmJwZzpjc2x1OmFmZmVjdDpyZWZlcmVuY2VzOkVzdWxpLS1TZW50aVdvcmROZXQvIzZBNkZCOC5wZGYAAA4AbAA1AEUAcwB1AGwAaQAtAC0AUwBlAG4AdABpAFcAbwByAGQATgBlAHQALwAgAEEAIABQAHUAYgBsAGkAYwBsAHkAIABBAHYAYQBpAGwAYQBiAGwAZQAgAEwAZQB4AGkAYwBhAGwALgBwAGQAZgAPABoADABNAGEAYwBpAG4AdABvAHMAaAAgAEgARAASAFZVc2Vycy9icGcvY3NsdS9hZmZlY3QvcmVmZXJlbmNlcy9Fc3VsaS0tU2VudGlXb3JkTmV0OiBBIFB1YmxpY2x5IEF2YWlsYWJsZSBMZXhpY2FsLnBkZgATAAEvAAAVAAIACv//AADSHh8gIVgkY2xhc3Nlc1okY2xhc3NuYW1loyEiI11OU011dGFibGVEYXRhVk5TRGF0YVhOU09iamVjdF8QNUVzdWxpLS1TZW50aVdvcmROZXQ6IEEgUHVibGljbHkgQXZhaWxhYmxlIExleGljYWwucGRm0h4fJieiJyNcTlNEaWN0aW9uYXJ5AAgAEQAaAB8AKQAyADcAOgA/AEEAUwBcAGIAaQBwAHgAgwCFAIgAigCMAI8AkQCTAJ0AqgCvALcAuQLbAuAC6QL0AvgDBgMNAxYDTgNTA1YAAAAAAAACAQAAAAAAAAAoAAAAAAAAAAAAAAAAAAADYw==}}

@unpublished{Kim,
	Author = {Soo-Min Kim and Eduard Hovy},
	Date-Added = {2009-06-29 16:29:06 -0700},
	Date-Modified = {2009-06-29 16:30:17 -0700},
	Title = {Determining the Sentiment of Opinions},
	Bdsk-File-1 = {YnBsaXN0MDDUAQIDBAUGCQpYJHZlcnNpb25UJHRvcFkkYXJjaGl2ZXJYJG9iamVjdHMSAAGGoNEHCFRyb290gAFfEA9OU0tleWVkQXJjaGl2ZXKoCwwXGBkdJCVVJG51bGzTDQ4PEBEUViRjbGFzc1dOUy5rZXlzWk5TLm9iamVjdHOAB6ISE4ACgAOiFRaABIAGWWFsaWFzRGF0YVxyZWxhdGl2ZVBhdGjSDRobHFdOUy5kYXRhgAVPEQIKAAAAAAIKAAIAAAxNYWNpbnRvc2ggSEQAAAAAAAAAAAAAAAAAAADE+dh5SCsAAABmtwcfS2ltLS1EZXRlcm1pbmluZyB0aGUjNkNBNTNBLnBkZgAAAAAAAAAAAAAAAAAAAAAAAAAAAAAAAAAAAAAAAAAAAGylOsZumUIAAAAAAAAAAAABAAIAAAkgAAAAAAAAAAAAAAAAAAAACnJlZmVyZW5jZXMAEAAIAADE+jrpAAAAEQAIAADGbvuyAAAAAQAUAGa3BwBsmY4AXL0GAApRKAAAe9gAAgBNTWFjaW50b3NoIEhEOlVzZXJzOmJwZzpjc2x1OmFmZmVjdDpyZWZlcmVuY2VzOktpbS0tRGV0ZXJtaW5pbmcgdGhlIzZDQTUzQS5wZGYAAA4AXgAuAEsAaQBtAC0ALQBEAGUAdABlAHIAbQBpAG4AaQBuAGcAIAB0AGgAZQAgAFMAZQBuAHQAaQBtAGUAbgB0ACAAbwBmACAATwBwAGkAbgBpAG8AbgBzAC4AcABkAGYADwAaAAwATQBhAGMAaQBuAHQAbwBzAGgAIABIAEQAEgBPVXNlcnMvYnBnL2NzbHUvYWZmZWN0L3JlZmVyZW5jZXMvS2ltLS1EZXRlcm1pbmluZyB0aGUgU2VudGltZW50IG9mIE9waW5pb25zLnBkZgAAEwABLwAAFQACAAr//wAA0h4fICFYJGNsYXNzZXNaJGNsYXNzbmFtZaMhIiNdTlNNdXRhYmxlRGF0YVZOU0RhdGFYTlNPYmplY3RfEC5LaW0tLURldGVybWluaW5nIHRoZSBTZW50aW1lbnQgb2YgT3BpbmlvbnMucGRm0h4fJieiJyNcTlNEaWN0aW9uYXJ5AAgAEQAaAB8AKQAyADcAOgA/AEEAUwBcAGIAaQBwAHgAgwCFAIgAigCMAI8AkQCTAJ0AqgCvALcAuQLHAswC1QLgAuQC8gL5AwIDMwM4AzsAAAAAAAACAQAAAAAAAAAoAAAAAAAAAAAAAAAAAAADSA==}}

@proceedings{Boiy:2007,
	Address = {Vienna, Austria},
	Author = {Erik Boiy and Pieter Hens and Koen Deschacht and Marie-Francine Moens},
	Date-Added = {2009-06-29 16:27:12 -0700},
	Date-Modified = {2009-06-29 16:28:43 -0700},
	Month = {June},
	Organization = {ELPUB2007 Conference on Electronic Publishing},
	Title = {Automatic Sentiment Analysis in On-line Text},
	Year = {2007},
	Bdsk-File-1 = {YnBsaXN0MDDUAQIDBAUGCQpYJHZlcnNpb25UJHRvcFkkYXJjaGl2ZXJYJG9iamVjdHMSAAGGoNEHCFRyb290gAFfEA9OU0tleWVkQXJjaGl2ZXKoCwwXGBkdJCVVJG51bGzTDQ4PEBEUViRjbGFzc1dOUy5rZXlzWk5TLm9iamVjdHOAB6ISE4ACgAOiFRaABIAGWWFsaWFzRGF0YVxyZWxhdGl2ZVBhdGjSDRobHFdOUy5kYXRhgAVPEQIeAAAAAAIeAAIAAAxNYWNpbnRvc2ggSEQAAAAAAAAAAAAAAAAAAADE+dh5SCsAAABmtwcfQm9peS0yMDA3LUF1dG9tYXRpYyAjNkNBNTI0LnBkZgAAAAAAAAAAAAAAAAAAAAAAAAAAAAAAAAAAAAAAAAAAAGylJMZumLYAAAAAAAAAAAABAAIAAAkgAAAAAAAAAAAAAAAAAAAACnJlZmVyZW5jZXMAEAAIAADE+jrpAAAAEQAIAADGbvsmAAAAAQAUAGa3BwBsmY4AXL0GAApRKAAAe9gAAgBNTWFjaW50b3NoIEhEOlVzZXJzOmJwZzpjc2x1OmFmZmVjdDpyZWZlcmVuY2VzOkJvaXktMjAwNy1BdXRvbWF0aWMgIzZDQTUyNC5wZGYAAA4AbAA1AEIAbwBpAHkALQAyADAAMAA3AC0AQQB1AHQAbwBtAGEAdABpAGMAIABTAGUAbgB0AGkAbQBlAG4AdAAgAEEAbgBhAGwAeQBzAGkAcwAgAGkAbgAgAE8AbgAtAGwAaQBuAGUALgBwAGQAZgAPABoADABNAGEAYwBpAG4AdABvAHMAaAAgAEgARAASAFZVc2Vycy9icGcvY3NsdS9hZmZlY3QvcmVmZXJlbmNlcy9Cb2l5LTIwMDctQXV0b21hdGljIFNlbnRpbWVudCBBbmFseXNpcyBpbiBPbi1saW5lLnBkZgATAAEvAAAVAAIACv//AADSHh8gIVgkY2xhc3Nlc1okY2xhc3NuYW1loyEiI11OU011dGFibGVEYXRhVk5TRGF0YVhOU09iamVjdF8QNUJvaXktMjAwNy1BdXRvbWF0aWMgU2VudGltZW50IEFuYWx5c2lzIGluIE9uLWxpbmUucGRm0h4fJieiJyNcTlNEaWN0aW9uYXJ5AAgAEQAaAB8AKQAyADcAOgA/AEEAUwBcAGIAaQBwAHgAgwCFAIgAigCMAI8AkQCTAJ0AqgCvALcAuQLbAuAC6QL0AvgDBgMNAxYDTgNTA1YAAAAAAAACAQAAAAAAAAAoAAAAAAAAAAAAAAAAAAADYw==}}

@article{Cortes:2004,
	Author = {Corinna Cortes and Patrick Haffner and Mehryar Mohri},
	Date-Added = {2009-06-29 16:25:50 -0700},
	Date-Modified = {2009-06-29 16:27:03 -0700},
	Journal = {Journal of Machine Learning Research},
	Pages = {1-50},
	Title = {Rational Kernels: Theory and Algorithms},
	Volume = {1},
	Year = {2004},
	Bdsk-File-1 = {YnBsaXN0MDDUAQIDBAUGCQpYJHZlcnNpb25UJHRvcFkkYXJjaGl2ZXJYJG9iamVjdHMSAAGGoNEHCFRyb290gAFfEA9OU0tleWVkQXJjaGl2ZXKoCwwXGBkdJCVVJG51bGzTDQ4PEBEUViRjbGFzc1dOUy5rZXlzWk5TLm9iamVjdHOAB6ISE4ACgAOiFRaABIAGWWFsaWFzRGF0YVxyZWxhdGl2ZVBhdGjSDRobHFdOUy5kYXRhgAVPEQIkAAAAAAIkAAIAAAxNYWNpbnRvc2ggSEQAAAAAAAAAAAAAAAAAAADE+dh5SCsAAABmtwcfQ29ydGVzLTIwMDQtUmF0aW9uYWwjNkQ0NTFCLnBkZgAAAAAAAAAAAAAAAAAAAAAAAAAAAAAAAAAAAAAAAAAAAG1FG8ZmoS5QREYgAAAAAAABAAIAAAkgAAAAAAAAAAAAAAAAAAAACnJlZmVyZW5jZXMAEAAIAADE+jrpAAAAEQAIAADGZwOeAAAAAQAUAGa3BwBsmY4AXL0GAApRKAAAe9gAAgBNTWFjaW50b3NoIEhEOlVzZXJzOmJwZzpjc2x1OmFmZmVjdDpyZWZlcmVuY2VzOkNvcnRlcy0yMDA0LVJhdGlvbmFsIzZENDUxQi5wZGYAAA4AcAA3AEMAbwByAHQAZQBzAC0AMgAwADAANAAtAFIAYQB0AGkAbwBuAGEAbAAgAEsAZQByAG4AZQBsAHMALwAgAFQAaABlAG8AcgB5ACAAYQBuAGQAIABBAGwAZwBvAHIAaQB0AGgAbQBzAC4AcABkAGYADwAaAAwATQBhAGMAaQBuAHQAbwBzAGgAIABIAEQAEgBYVXNlcnMvYnBnL2NzbHUvYWZmZWN0L3JlZmVyZW5jZXMvQ29ydGVzLTIwMDQtUmF0aW9uYWwgS2VybmVsczogVGhlb3J5IGFuZCBBbGdvcml0aG1zLnBkZgATAAEvAAAVAAIACv//AADSHh8gIVgkY2xhc3Nlc1okY2xhc3NuYW1loyEiI11OU011dGFibGVEYXRhVk5TRGF0YVhOU09iamVjdF8QN0NvcnRlcy0yMDA0LVJhdGlvbmFsIEtlcm5lbHM6IFRoZW9yeSBhbmQgQWxnb3JpdGhtcy5wZGbSHh8mJ6InI1xOU0RpY3Rpb25hcnkACAARABoAHwApADIANwA6AD8AQQBTAFwAYgBpAHAAeACDAIUAiACKAIwAjwCRAJMAnQCqAK8AtwC5AuEC5gLvAvoC/gMMAxMDHANWA1sDXgAAAAAAAAIBAAAAAAAAACgAAAAAAAAAAAAAAAAAAANr}}

@article{Lodhi:2002,
	Author = {Huma Lodhi and Craig Saunders and John Shawe-Taylor and Nello Cristianini},
	Date-Added = {2009-06-29 16:22:07 -0700},
	Date-Modified = {2009-06-29 16:24:03 -0700},
	Journal = {Journal of Machine Learning Research},
	Pages = {419-444},
	Title = {Text Classification using String Kernels},
	Volume = {2},
	Year = {2002},
	Bdsk-File-1 = {YnBsaXN0MDDUAQIDBAUGCQpYJHZlcnNpb25UJHRvcFkkYXJjaGl2ZXJYJG9iamVjdHMSAAGGoNEHCFRyb290gAFfEA9OU0tleWVkQXJjaGl2ZXKoCwwXGBkdJCVVJG51bGzTDQ4PEBEUViRjbGFzc1dOUy5rZXlzWk5TLm9iamVjdHOAB6ISE4ACgAOiFRaABIAGWWFsaWFzRGF0YVxyZWxhdGl2ZVBhdGjSDRobHFdOUy5kYXRhgAVPEQIMAAAAAAIMAAIAAAxNYWNpbnRvc2ggSEQAAAAAAAAAAAAAAAAAAADE+dh5SCsAAABmtwcfTG9kaGktMjAwMi1UZXh0IENsYXMjNjZCNzBELnBkZgAAAAAAAAAAAAAAAAAAAAAAAAAAAAAAAAAAAAAAAAAAAGa3Db1gpkUAAAAAAAAAAAABAAIAAAkgAAAAAAAAAAAAAAAAAAAACnJlZmVyZW5jZXMAEAAIAADE+jrpAAAAEQAIAAC9YQi1AAAAAQAUAGa3BwBsmY4AXL0GAApRKAAAe9gAAgBNTWFjaW50b3NoIEhEOlVzZXJzOmJwZzpjc2x1OmFmZmVjdDpyZWZlcmVuY2VzOkxvZGhpLTIwMDItVGV4dCBDbGFzIzY2QjcwRC5wZGYAAA4AYAAvAEwAbwBkAGgAaQAtADIAMAAwADIALQBUAGUAeAB0ACAAQwBsAGEAcwBzAGkAZgBpAGMAYQB0AGkAbwBuACAAdQBzAGkAbgBnACAAUwB0AHIAaQBuAGcALgBwAGQAZgAPABoADABNAGEAYwBpAG4AdABvAHMAaAAgAEgARAASAFBVc2Vycy9icGcvY3NsdS9hZmZlY3QvcmVmZXJlbmNlcy9Mb2RoaS0yMDAyLVRleHQgQ2xhc3NpZmljYXRpb24gdXNpbmcgU3RyaW5nLnBkZgATAAEvAAAVAAIACv//AADSHh8gIVgkY2xhc3Nlc1okY2xhc3NuYW1loyEiI11OU011dGFibGVEYXRhVk5TRGF0YVhOU09iamVjdF8QL0xvZGhpLTIwMDItVGV4dCBDbGFzc2lmaWNhdGlvbiB1c2luZyBTdHJpbmcucGRm0h4fJieiJyNcTlNEaWN0aW9uYXJ5AAgAEQAaAB8AKQAyADcAOgA/AEEAUwBcAGIAaQBwAHgAgwCFAIgAigCMAI8AkQCTAJ0AqgCvALcAuQLJAs4C1wLiAuYC9AL7AwQDNgM7Az4AAAAAAAACAQAAAAAAAAAoAAAAAAAAAAAAAAAAAAADSw==}}
